<?xml version="1.0" encoding="UTF-8"?><record xmlns="http://www.loc.gov/MARC21/slim" xmlns:cinclude="http://apache.org/cocoon/include/1.0" xmlns:zs="http://www.loc.gov/zing/srw/">
  <leader>00569cz  a2200169n  4500</leader>
  <controlfield tag="001">no 00019638 </controlfield>
  <controlfield tag="003">DLC</controlfield>
  <controlfield tag="005">20130319172909.0</controlfield>
  <controlfield tag="008">000321n| azannaab           |a aaa     c</controlfield>
  <datafield tag="010" ind1=" " ind2=" ">
    <subfield code="a">no 00019638 </subfield>
  </datafield>
  <datafield tag="035" ind1=" " ind2=" ">
    <subfield code="a">(OCoLC)oca05179584</subfield>
  </datafield>
  <datafield tag="040" ind1=" " ind2=" ">
    <subfield code="a">NjP</subfield>
    <subfield code="b">eng</subfield>
    <subfield code="e">rda</subfield>
    <subfield code="c">NjP</subfield>
    <subfield code="d">DLC</subfield>
  </datafield>
  <datafield tag="046" ind1=" " ind2=" ">
    <subfield code="f">1795</subfield>
  </datafield>
  <datafield tag="100" ind1="1" ind2=" ">
    <subfield code="a">Navvāb Ṭihrānī, Mahdī,</subfield>
    <subfield code="d">1795-</subfield>
  </datafield>
  <datafield tag="400" ind1="1" ind2=" ">
    <subfield code="w">nnea</subfield>
    <subfield code="a">Navvāb Ṭihrānī, Mahdī,</subfield>
    <subfield code="d">b. 1795</subfield>
  </datafield>
  <datafield tag="400" ind1="1" ind2=" ">
    <subfield code="a">Ṭihrānī, Mahdī Navvāb,</subfield>
    <subfield code="d">1795-</subfield>
  </datafield>
  <datafield tag="670" ind1=" " ind2=" ">
    <subfield code="a">Dastūr al-aʻqāb, 1997:</subfield>
    <subfield code="b">t.p. (Mīrzā Mahdī Navvāb Ṭihrānī) p. 4 (b. 1210 Q./1795 M.)</subfield>
  </datafield>
</record>